<?xml version="1.0" encoding="UTF-8"?><collection xmlns="http://www.loc.gov/MARC21/slim"><record><leader>00600nam--2200205-u-4500</leader><controlfield tag="001">000055726</controlfield><controlfield tag="002">20161230</controlfield><controlfield tag="005">20161230201052</controlfield><controlfield tag="008">130403s1000------------r-----000-0-rus-d</controlfield><datafield ind1=" " ind2=" " tag="040"><subfield code="a">IFIN-HH</subfield></datafield><datafield ind1=" " ind2=" " tag="041"><subfield code="a">rus</subfield></datafield><datafield ind1=" " ind2=" " tag="080"><subfield code="a">621.039.51</subfield></datafield><datafield ind1="1" ind2=" " tag="100"><subfield code="a">Glasstone, Samuel</subfield></datafield><datafield ind1="1" ind2="0" tag="245"><subfield code="a">Osnovi teorii iadernih reaktorov</subfield><subfield code="c">Samuel glasstone, milton c. edlund</subfield></datafield><datafield ind1=" " ind2=" " tag="260"><subfield code="a">Moskva</subfield><subfield code="b">Inostrannoi Literaturi</subfield><subfield code="c">1954</subfield></datafield><datafield ind1=" " ind2=" " tag="300"><subfield code="a">458P</subfield></datafield><datafield ind1=" " ind2=" " tag="500"><subfield code="a">Titlul Original In Limba Engleza: The Elements Of Nuclear Reactor Theory</subfield></datafield><datafield ind1="1" ind2=" " tag="700"><subfield code="a">Edlund, Milton C</subfield></datafield><datafield ind1=" " ind2=" " tag="852"><subfield code="a">44429</subfield><subfield code="c">H.H</subfield></datafield><datafield ind1=" " ind2=" " tag="CAT"><subfield code="a">Sys</subfield><subfield code="c">20130403</subfield><subfield code="h">154551</subfield></datafield></record></collection>